%% start of file `publications.bib'.
%% Copyright 2006-2012 Xavier Danaux (xdanaux at gmail.com).
%
% This work may be distributed and/or modified under the
% conditions of the LaTeX Project Public License version 1.3c,
% available at http://www.latex-project.org/lppl/.

@article{he2021alevin,
  title={Alevin-fry Unlocks Rapid, Accurate, and Memory-Frugal Quantification of Single-Cell RNA-seq Data},
  author={He, Dongze and Zakeri, Mohsen and Sarkar, Hirak and Soneson, Charlotte and Srivastava, Avi and Patro, Rob},
  journal={bioRxiv},
  year={2021},
  publisher={Cold Spring Harbor Laboratory},
  sortname={1}
}

@article{almodaresi2021puffaligner,
  title={Puffaligner: A Fast, Efficient, and Accurate Aligner Based on the Pufferfish Index},
  author={Almodaresi, Fatemeh and Zakeri, Mohsen and Patro, Rob},
  journal={Bioinformatics},
  year={2021},
  sortname={2}
}

@article{zakeri2021likeforlike,
  title={A Like-for-Like Comparison of Lightweight-Mapping Pipelines for Single-Cell RNA-seq Data Pre-Processing},
  author={Zakeri, Mohsen and Srivastava, Avi and Sarkar, Hirak and Patro, Rob},
  journal={bioRxiv},
  year={2021},
  publisher={Cold Spring Harbor Laboratory},
  sortname={3}
}

@article{srivastava2021accounting,
  title={Accounting for Fragments of unexpected origin improves transcript quantification in RNA-seq simulations focused on increased realism},
  author={Srivastava, Avi and Zakeri, Mohsen and Sarkar, Hirak and Soneson, Charlotte and Kingsford, Carl and Patro, Rob},
  journal={bioRxiv},
  year={2021},
  publisher={Cold Spring Harbor Laboratory},
  sortname={4}
}

@article{almodaresi2020puffaligner,
  title={Puffaligner: An efficient and accurate aligner based on the pufferfish index},
  author={Almodaresi, Fatemeh and Zakeri, Mohsen and Patro, Rob},
  journal={bioRxiv},
  year={2020},
  publisher={Cold Spring Harbor Laboratory},
  sortname={5}
}

@article{srivastava2019alignment,
  title={Alignment and mapping methodology influence transcript abundance estimation},
  author={Srivastava, Avi and Malik, Laraib and Zakeri, Mohsen and Sarkar, Hirak and Soneson, Charlotte and Love, Michael I and Kingsford, Carl and Patro, Rob},
  journal={BioRxiv},
  pages={657874},
  year={2019},
  publisher={Cold Spring Harbor Laboratory},
  organization={submitted to Genome Biology},
  sortname={6}
}

@inproceedings{sarkar2018towards,
  title={Towards selective-alignment: Bridging the accuracy gap between alignment-based and alignment-free transcript quantification},
  author={Sarkar, Hirak and \textit{Zakeri}, \textit{Mohsen} and Malik, Laraib and Patro, Rob},
  booktitle={Proceedings of the 2018 ACM International Conference on Bioinformatics, Computational Biology, and Health Informatics},
  pages={27--36},
  year={2018},
  organization={ACM},
  sortname={7}
}

@article{ismb2017factorization,
  title={Improved data-driven likelihood factorizations for transcript abundance estimation},
  author={\textit{Zakeri}, \textit{Mohsen} and Srivastava, Avi and Almodaresi, Fatemeh and Patro, Rob},
  journal={Bioinformatics},
  volume={33},
  number={14},
  pages={i142--i151},
  year={2017},
  publisher={Oxford University Press},
  sortname={8}
}

@inproceedings{almodaresi2017distribution,
  title={On the Distribution of Lexical Features at Multiple Levels of Analysis},
  author={Almodaresi, Fatemeh and Ungar, Lyle and Kulkarni, Vivek and \textbf{Zakeri}, \textbf{Mohsen} and Giorgi, Salvatore and Schwartz, H Andrew},
  booktitle={Proceedings of the 55th Annual Meeting of the Association for Computational Linguistics (Volume 2: Short Papers)},
  volume={2},
  pages={79--84},
  year={2017},
  sortname={9}
}

@conference{CedarPoster2019,
  title={Cedar: scalable, accurate and fast metagenomic abundance estimation},
  author={Almodaresi, Fatemeh and \textit{Zakeri}, \textit{Mohsen} and Patro, Rob},
  booktitle={RECOMB, Washington D.C.},
  year={2019},
}


@article{Sarkar2020,
    author = "Hirak Sarkar and Avi Srivastava and Mohsen Zakeri and Scott Van Buren and Naim U Rashid and Michael Love and Rob Patro",
    title = "{Accurate, efficient, and uncertainty-aware expression quantification of single-cell RNA-seq data}",
    year = "2020",
    month = "11",
    url = "https://figshare.com/articles/poster/Accurate_efficient_and_uncertainty-aware_expression_quantification_of_single-cell_RNA-seq_data/13198100",
    doi = "10.6084/m9.figshare.13198100.v1"
}

%% end of file `publications.bib'.
